@book{gartner2016macroeconomics,
  title={Macroeconomics},
  author={G{\"a}rtner, Manfred},
  year={2016},
  publisher={Pearson}
}

@article{halvorsen2014,
  title={The bank lending channel revisited},
  author={Halvorsen, Jørn},
  journal={Samfunnsøkonomen},
  number={5},
  pages={20--29},
  year={2011},
  publisher={Samfunnsøkonomene}
}

@book{holden2016makrooekonomi,
  title={Makroøkonomi},
  author={Steinar, Holden},
  year={2016},
  publisher={Cappelen Akademisk}
}

@book{blanchard2017macro,
  title={Macroeconomics},
  author={Blanchard, Olivier},
  year={2017},
  publisher={Pearson}
}
