@book{sinn2010casino,
  title={Casino capitalism: How the financial crisis came about and what needs to be done now},
  author={Sinn, Hans-Werner},
  year={2010},
  publisher={Oxford University Press}
}
@book{acemoglu2013nations,
  title={Why nations fail: The origins of power, prosperity, and poverty},
  author={Acemoglu, Daron and Robinson, James A},
  year={2013},
  publisher={Broadway Business}
}

@book{gartner2016macroeconomics,
  title={Macroeconomics under flexible exchange rates},
  author={G{\"a}rtner, Manfred},
  year={2016},
  publisher={Pearson}
}

@article{halvorsen2014,
  title={The bank lending channel revisited},
  author={Halvorsen, Jørn},
  journal={Samfunnsøkonomen},
  number={5},
  pages={20--29},
  year={2011},
  publisher={Samfunnsøkonomene}
}

@book{holden2016makrooekonomi,
  title={Makroøkonomi},
  author={Steinar, Holden},
  year={2016},
  publisher={Cappelen Akademisk}
}

@book{blanchard2017macro,
  title={Macroeconomics},
  author={Blanchard, Olivier},
  year={2017},
  publisher={Pearson}
}

@article{friedman1953case,
  title={The case for flexible exchange rates},
  author={Friedman, Milton},
  year={1953},
  publisher={University of Chicago Press}
}

@article{eggertsson2012debt,
  title={Debt, deleveraging, and the liquidity trap: A Fisher-Minsky-Koo approach},
  author={Eggertsson, Gauti B and Krugman, Paul},
  journal={The Quarterly Journal of Economics},
  volume={127},
  number={3},
  pages={1469--1513},
  year={2012},
  publisher={MIT Press}
}
