@incollection{kashyap1994monetary,
  title={Monetary policy and bank lending},
  author={Kashyap, Anil K and Stein, Jeremy C},
  booktitle={Monetary policy},
  pages={221--261},
  year={1994},
  publisher={The University of Chicago Press}
}

@article{bernanke1991credit,
  title={The credit crunch},
  author={Bernanke, Ben S and Lown, Cara S and Friedman, Benjamin M},
  journal={Brookings papers on economic activity},
  volume={1991},
  number={2},
  pages={205--247},
  year={1991},
  publisher={JSTOR}
}

@article{borio2012capital,
  title={Capital regulation, risk-taking and monetary policy: a missing link in the transmission mechanism?},
  author={Borio, Claudio and Zhu, Haibin},
  journal={Journal of Financial Stability},
  volume={8},
  number={4},
  pages={236--251},
  year={2012},
  publisher={Elsevier}
}

@article{lanne2008identifying,
  title={Identifying monetary policy shocks via changes in volatility},
  author={Lanne, Markku and L{\"u}tkepohl, Helmut},
  journal={Journal of Money, Credit and Banking},
  volume={40},
  number={6},
  pages={1131--1149},
  year={2008},
  publisher={Wiley Online Library}
}
@incollection{mittnik2014estimating,
  title={Estimating a Banking-Macro Model Using a Multi-regime VAR},
  author={Mittnik, Stefan and Semmler, Willi},
  booktitle={Advances in Non-linear Economic Modeling},
  pages={3--40},
  year={2014},
  publisher={Springer}
}
@article{admati2011fallacies,
  title={Fallacies, irrelevant facts, and myths in the discussion of capital regulation: Why bank equity is not expensive},
  author={Admati, Anat R and DeMarzo, Peter M and Hellwig, Martin F and Pfleiderer, Paul C},
  journal={MPI Collective Goods Preprint},
  number={2010/42},
  year={2011}
}
@Article{uhlig2005effects,
	title = {What are the effects of monetary policy on output? Results from an agnostic identification procedure},
	author = {Uhlig, H.},
	journal = {Journal of Monetary Economics},
	volume = 52,
	number = 2,
	pages = {381--419},
	year = 2005,
	publisher = {Elsevier}
}
@article{halvorsenjacobsen14,
  title={How important can bank lending shocks be for economic fluctuations?},
  author={Halvorsen, J{\o}rn I and Jacobsen, Dag Henning},
  journal={The North American Journal of Economics and Finance},
  volume={29},
  pages={104--123},
  year={2014},
  publisher={Elsevier}
}
@BOOK{Doan04,
  AUTHOR =       {Thomas Doan},
  TITLE =        {Rats Manual},
  PUBLISHER =    {Estima, Evanston IL},
  YEAR =         {2004},
}
@BOOK{HendryDoornik01,
  AUTHOR =       {D. F. Hendry and J. A. Doornik},
  TITLE =        {Modelling dynamic systems using PcGive},
  PUBLISHER =    {London: Timberlake Consultants},
  YEAR =         {2001},
}
@BOOK{Hamilton1994,
  author = {James D. Hamilton},
  TITLE = {Time Series Analysis},
  PUBLISHER = {Princeton University Press},
  YEAR =  {1994},
}
@ARTICLE{SimsStockWatson90,
  author = {Christopher A. Sims and James H. Stock and Mark W. Watson},
  year = 1990,
  title = {Inference in Linear Time Series Models with some Unit Roots},
  journal = {Econometrica},
  volume = {58},
  pages = {113-144}
}
@Article{KoopPesaranPotter96,
  author={Koop, Gary and Pesaran, M. Hashem and Potter, Simon M.},
  title={Impulse response analysis in nonlinear multivariate models},
  journal={Journal of Econometrics},
  year=1996,
  volume={74},
  number={1},
  pages={119-147},
}
@phdthesis{Sveen00,
  title={Tayloring the Norwegian interest rates},
  author={Sveen, T.},
  year={2000},
  school={Department of Economics, Norwegian School of Economics and Business Administration}
}
@article{olsen2003monetary,
  title={Monetary policy in real time: the role of simple rules},
  author={Olsen, Kjetil and Qvigstad, Jan Fredrik and R{\o}island, {\O}istein},
  journal={Press \& Communications CH-4002 Basel, Switzerland E-mail: publications@ bis. org Fax:+ 41 61 280 9100 and+ 41 61 280 8100},
  pages={368},
  year={2003}
}
@Article{BjornlandLeitemo09,
 author={Hilde C. Bj{\o}rnland and Kai Leitemo},
 year={2009},
 title={Identifying the Interdependence between U.S. Monetary Policy and the Stock Market},
 journal={Journal of Monetary Economics},
  volume = {56},
  pages = {275-282},
}
@INCOLLECTION{CEE1999,
  author = {Lawrence J. Christiano and Martin Eichenbaum and Charles L. Evans},
  editor = {John B. Taylor and Michael Woodford},
  year = 1999,
  title = {Monetary Policy Shocks: What Have We Learned and to What End?},
  booktitle = {Handbook of Macroeconomics. Volume 1A},
  pages = {65-148},
  publisher = {Elsevier Science}
}
@TechReport{VandenHeuvel06,
  author={Van den Heuvel, Skander J.},
  title={The Bank Capital Channel of Monetary Policy},
  year=2006,
  month=Dec,
  institution={Society for Economic Dynamics},
  type={2006 Meeting Papers},
  number={512},
}
@Article{Stein98,
  author={Jeremy C. Stein},
  title={An Adverse-Selection Model of Bank Asset and Liability Management with Implications for the Transmission of Monetary Policy},
  journal={RAND Journal of Economics},
  year=1998,
  volume={29},
  number={3},
  pages={466-486},
}
@article{BernankeBlinder88,
  title={Credit, Money, and Aggregate Demand},
  author = {Ben Bernanke and Alan S. Blinder},
  journal={American Economic Review},
  volume={78},
  number={2},
  pages={435--439},
  year={1988}
}

@article{Disyatat11,
	title={The bank lending channel revisited},
	author={Piti Disyatat},
	journal={Journal of Money, Credit and Banking},
	volume={43},
	number={4},
	pages={711--734},
	year={2011},
	publisher={Wiley Online Library}
}


@article{IacovielloMinetti08,
	title={The credit channel of monetary policy: Evidence from the housing market},
	author={Iacoviello, M. and Minetti, R.},
	journal={Journal of Macroeconomics},
	volume={30},
	number={1},
	pages={69--96},
	year={2008},
	publisher={Elsevier}
}

@article{Kashyap93,
title={Monetary Policy and Credit Conditions: Evidence from the Composition of External Finance},
author={Kashyap, A. and Stein, J. and Wilcox, D.},
journal={American Economic Review},
year={1993},
volume={83},
number={1},
pages={78--98}
}

@article{Ludvigson98,
title={The channel of monetary transmission to demand: evidence from the market for automobile credit},
author={Ludvigson, S.},
journal={Journal of Money, Credit and Banking},
year={1998},
publisher={JSTOR},
pages={365--383}
}

@Article{AltunbasFazylovMolyneux02,
author={Altunbas, Yener and Fazylov, Otabek and Molyneux, Philip},
title={Evidence on the bank lending channel in Europe},
journal={Journal of Banking \& Finance},
year=2002,
volume={26},
number={11},
pages={2093-2110},
}

@TechReport{Ehrmann01,
author={Michael Ehrmann and Leonardo Gambacorta and Jorge Martinez-Pages and Patrick Sevestre and Andreas Worms},
title={Financial systems and the role of banks in monetary policy transmission in the Euro area},
year=2001,
month=Dec,
institution={European Central Bank},
type={Working Paper Series},
number={105},
}

@Article{GambacortaMistrulli04,
author={Gambacorta, Leonardo and Mistrulli, Paolo Emilio},
title={Does bank capital affect lending behavior?},
journal={Journal of Financial Intermediation},
year=2004,
volume={13},
number={4},
pages={436-457},
}

@Article{Gambacorta05,
author={Gambacorta, Leonardo},
title={Inside the bank lending channel},
journal={European Economic Review},
year=2005,
volume={49},
number={7},
pages={1737-1759},
}

@Article{KashyapStein95,
author={Kashyap, Anil K. and Stein, Jeremy C.},
title={The impact of monetary policy on bank balance sheets},
journal={Carnegie-Rochester Conference Series on Public Policy},
year=1995,
volume={42},
number={1},
pages={151-195},
}

@Article{KashyapStein00,
author={Anil K. Kashyap and Jeremy C. Stein},
title={What Do a Million Observations on Banks Say about the Transmission of Monetary Policy?},
journal={American Economic Review},
year=2000,
volume={90},
number={3},
pages={407-428},
}

@Article{KishanOpiela00,
author={Kishan, Ruby P and Opiela, Timothy P},
title={Bank Size, Bank Capital, and the Bank Lending Channel},
journal={Journal of Money, Credit and Banking},
year=2000,
volume={32},
number={1},
pages={121-141},
}

@Article{KishanOpiela06,
author={Kishan, Ruby P. and Opiela, Timothy P.},
title={Bank capital and loan asymmetry in the transmission of monetary policy},
journal={Journal of Banking \& Finance},
year=2006,
volume={30},
number={1},
pages={259-285},
}

@article{van2002does,
  title={Does bank capital matter for monetary transmission?},
  author={Van den Heuvel, Skander J},
  journal={Economic Policy Review},
  volume={8},
  number={1},
  pages={259--265},
  year={2002},
  publisher={Federal Reserve Bank of New York}
}

@Article{Atanasova03,
author={Christina Atanasova},
title={Credit Market Imperfections and Business Cycle Dynamics: A Nonlinear Approach},
journal={Studies in Nonlinear Dynamics \& Econometrics},
year=2003,
volume={7},
number={4},
pages={5},
}

@Article{Balke00,
author={Nathan S. Balke},
title={Credit and Economic Activity: Credit Regimes and Nonlinear Propagation of Shocks},
journal={Review of Economics and Statistics},
year=2000,
volume={82},
number={2},
pages={344-349},
}

@Article{CalzaSousa06,
author={Alessandro Calza and JoÃ£o Sousa},
title={Output and Inflation Responses to Credit Shocks: Are There Threshold Effects in the Euro Area?},
journal={Studies in Nonlinear Dynamics \& Econometrics},
year=2006,
volume={10},
number={2},
pages={3},
}

@TechReport{LiStAmant10,
author={Fuchun Li and Pierre St-Amant},
title={Financial Stress, Monetary Policy, and Economic Activity},
year=2010,
institution={Bank of Canada},
type={Working Papers},
number={10-12},
}

@TechReport{MittnikSemmler11,
 author={Stefan Mittnik and Willi Semmler},
 title={The Instability of the Banking Sector and Macrodynamics: Theory and Empirics},
 year=2011,
 institution={DEGIT, Dynamics, Economic Growth, and International Trade},
 type={DEGIT Conference Papers},
 url={http://ideas.repec.org/p/deg/conpap/c016_080.html},
 number={c016_080},
}


@Article{BernankeGertler89,
  author={Bernanke, Ben and Gertler, Mark},
  title={Agency Costs, Net Worth, and Business Fluctuations},
  journal={American Economic Review},
  year=1989,
  volume={79},
  number={1},
  pages={14-31},
}

@Article{RomerRomer1990,
  author={Christina D. Romer and David H. Romer},
  title={New Evidence on the Monetary Transmission Mechanism},
  journal={Brookings Papers on Economic Activity},
  year=1990,
  volume={21},
  number={1},
  pages={149-214},
}

@Article{BernankeGertler95,
  author={Bernanke, Ben S and Gertler, Mark},
  title={Inside the Black Box: The Credit Channel of Monetary Policy Transmission},
  journal={Journal of Economic Perspectives},
  year=1995,
  volume={9},
  number={4},
  pages={27-48},
}

@TechReport{Disyatat08,
  author={Piti Disyatat},
  title={Monetary policy implementation: Misconceptions and their consequences},
  year=2008,
  month=Dec,
  institution={Bank for International Settlements},
  type={BIS Working Papers},
}

@Article{BorioDisyatat10,
  author={Claudio Borio and Piti Disyatat},
  title={Unconventional Monetary Policies: An Appraisal},
  journal={Manchester School},
  year=2010,
  volume={78},
  number={s1},
  pages={53-89},
}

@Article{RomerRomer90,
  author={Christina D. Romer and David H. Romer},
  title={New Evidence on the Monetary Transmission Mechanism},
  journal={Brookings Papers on Economic Activity},
  year=1990,
  volume={21},
  number={1},
  pages={149-214},
}
@article{paustian2007assessing,
  title={Assessing sign restrictions},
  author={Paustian, Matthias},
  journal={The BE Journal of Macroeconomics},
  volume={7},
  number={1},
  year={2007}
}
@incollection{barth2002cost,
  title={The cost channel of monetary transmission},
  author={Barth III, Marvin J and Ramey, Valerie A},
  booktitle={NBER Macroeconomics Annual 2001, Volume 16},
  pages={199--256},
  year={2002},
  publisher={MIT Press}
}
