@book{gartner2016macroeconomics,
  title={Macroeconomics under flexible exchange rates},
  author={G{\"a}rtner, Manfred},
  year={2016},
  publisher={Pearson}
}

@article{halvorsen2014,
  title={The bank lending channel revisited},
  author={Halvorsen, Jørn},
  journal={Samfunnsøkonomen},
  number={5},
  pages={20--29},
  year={2011},
  publisher={Samfunnsøkonomene}
}
