@book{gartner2016macroeconomics,
  title={Macroeconomics},
  author={G{\"a}rtner, Manfred},
  year={2016},
  publisher={Pearson}
}
